@Book{BOOK:1,
author = {TANENBAUM, Andrew S.; WOODHULL, Albert S.},
title = {Operating systems: design and implementation},
publisher = {Pearson rentice Hall},
year = {1998},
address = {Upper Saddle River, NJ},
edition = {3},
isbn = {0-13-142938-8}
}

@Book{BOOK:2,
author = {Richard M. STALLMAN},
title = {Free Software Free Society: Selected Essays of Richard Stallman},
publisher = {Free Software Foundatio},
year = {2002},
address = {59 Temple Place, Boston, MA},
edition = {2},
isbn = {1-882114-98-1}
}

@BachelorThesis{BT:1,
author = {L. TORVALDS},
title = {Linux: a Portable Operating System},
school = {University of Helsinki},
year = {1997},
type = {Diplomová práce},
address = {Department of Computer Science},
note = {}
}

@BachelorThesis{BT:2,
author = {Jan NE©POR},
title = {Srovnání mobilních operaèních systémù},
school = {Vysoká ¹kola ekonomická v Praze},
year = {2012},
type = {Bakaláøská práce},
address = {},
note = {}
}

@Article{ART:1,
author = {J. RAICHL},
title = {Samoèinný poèítaè SAPO a práce s ním},
journal = {I. celostátní konference oboru výpoèetní a organizaèní techniky. Sborník referátù a diskusí},
year = {1959},
volume = {1},
number = {1},
OPTnote = {},
}

@Article{ART:2,
author = {Andrew S. TANEBAUM},
title = {The Impact of MINIX},
journal = {Computer},
year = {2014},
volume = {47},
number = {7},
OPTnote = {},
issn = {0018-9162}
}

@Article{ART:3,
author = {Maureen O'SULLIVAN},
title = {Making Copyright Ambidextrous: An Expose of Copyleft},
journal = {JILT},
year = {2002},
volume = {3},
number = {},
OPTnote = {},
issn = {1361-4169}
}


@Misc{WEB:1,
author = {Richard M. STALLMAN},
title = {\upshape The GNU Manifesto},
subtitle = {gnu.org},
year = {1985},
howpublished = {ONLINE},
cited = {2015-04-20},
note = {Dostupné z: \url{https://www.gnu.org/gnu/manifesto.html}}
}

@Misc{WEB:2,
author = {L. ERBEN},
title = {Pøíchod Hackerù},
subtitle = {Pøíbìh profesora Svobody potøetí},
year = {2015},
howpublished = {ONLINE},
cited = {2014-04-20},
note = {Dostupné z: \url{http://www.root.cz/clanky/prichod-hackeru-pribeh-profesora-svobody-potreti/}}
}

@Misc{WEB:3,
author = {DEREK},
title = {\upshape The First Linux Announcement from Linus Torvalds},
subtitle = {},
year = {2011},
howpublished = {ONLINE},
cited = {2014-04-20},
note = {Dostupné z: \url{http://www.thelinuxdaily.com/2010/04/the-first-linux-announcement-from-linus-torvalds/}}
}
